@incollection{NIPS2016_6057,
title = {Using Fast Weights to Attend to the Recent Past},
author = {Ba, Jimmy and Hinton, Geoffrey E and Mnih, Volodymyr and Leibo, Joel Z and Ionescu, Catalin},
booktitle = {Advances in Neural Information Processing Systems 29},
editor = {D. D. Lee and M. Sugiyama and U. V. Luxburg and I. Guyon and R. Garnett},
pages = {4331--4339},
year = {2016},
publisher = {Curran Associates, Inc.},
url = {http://papers.nips.cc/paper/6057-using-fast-weights-to-attend-to-the-recent-past.pdf}
}

@article{DBLP:journals/nn/Schmidhuber15,
  author    = {J{\"{u}}rgen Schmidhuber},
  title     = {Deep learning in neural networks: An overview},
  journal   = {Neural Networks},
  volume    = {61},
  pages     = {85--117},
  year      = {2015},
  url       = {http://dx.doi.org/10.1016/j.neunet.2014.09.003},
  doi       = {10.1016/j.neunet.2014.09.003},
  timestamp = {Wed, 28 Jan 2015 09:18:28 +0100},
  biburl    = {http://dblp.uni-trier.de/rec/bib/journals/nn/Schmidhuber15},
  bibsource = {dblp computer science bibliography, http://dblp.org}
}


@book{Mackay03informationtheory,
    author = {David J. C. Mackay},
    title = {InformationTheory, Inference, and Learning Algorithms},
    year = {2003}
}

@online{1607.06450,
Author = {Jimmy Lei Ba and Jamie Ryan Kiros and Geoffrey E. Hinton},
Title = {Layer Normalization},
Year = {2016},
Eprint = {1607.06450},
Eprinttype = {arXiv},
}

@book{Goodfellow-et-al-2016,
    title={Deep Learning},
    author={Ian Goodfellow and Yoshua Bengio and Aaron Courville},
    publisher={MIT Press},
    note={\url{http://www.deeplearningbook.org}},
    year={2016}
}


@misc{1412.6980,
Author = {Diederik P. Kingma and Jimmy Ba},
Title = {Adam: A Method for Stochastic Optimization},
Year = {2014},
Eprint = {arXiv:1412.6980 (published as a conference paper at the 3rd International Conference for Learning Representations, San Diego, 2015)},
}

@misc{1511.03771,
Author = {Sachin S. Talathi and Aniket Vartak},
Title = {Improving performance of recurrent neural network with relu nonlinearity},
Year = {2015},
Eprint = {arXiv:1511.03771},
}

@book{sutskever,
  title={Generating text with recurrent neural networks},
  author={Sutskever, Ilya and Martens, James and Hinton, Geoffrey E},
  booktitle={Proceedings of the 28th International Conference on Machine Learning (ICML-11)},
  pages={1017--1024},
  year={2011}
}

@book{mnih,
  title={Recurrent models of visual attention},
  author={Mnih, Volodymyr and Heess, Nicolas and Graves, Alex and others},
  booktitle={Advances in neural information processing systems},
  pages={2204--2212},
  year={2014}
}

@article{hochreiter1997,
  title={Long short-term memory},
  author={Hochreiter, Sepp and Schmidhuber, J{\"u}rgen},
  journal={Neural computation},
  volume={9},
  number={8},
  pages={1735--1780},
  year={1997},
  publisher={MIT Press}
}

@article{DBLP:journals/neco/GersSC00,
  author    = {Felix A. Gers and
               J{\"{u}}rgen Schmidhuber and
               Fred A. Cummins},
  title     = {Learning to Forget: Continual Prediction with {LSTM}},
  journal   = {Neural Computation},
  volume    = {12},
  number    = {10},
  pages     = {2451--2471},
  year      = {2000},
  url       = {http://dx.doi.org/10.1162/089976600300015015},
  doi       = {10.1162/089976600300015015},
  timestamp = {Thu, 17 Nov 2011 16:24:23 +0100},
  biburl    = {http://dblp.uni-trier.de/rec/bib/journals/neco/GersSC00},
  bibsource = {dblp computer science bibliography, http://dblp.org}
}