@inproceedings{DBLP:conf/nips/BaHMLI16,
  author    = {Jimmy Ba and
               Geoffrey E. Hinton and
               Volodymyr Mnih and
               Joel Z. Leibo and
               Catalin Ionescu},
  title     = {Using Fast Weights to Attend to the Recent Past},
  booktitle = {Advances in Neural Information Processing Systems 29: Annual Conference
               on Neural Information Processing Systems 2016, December 5-10, 2016,
               Barcelona, Spain},
  pages     = {4331--4339},
  year      = {2016},
  crossref  = {DBLP:conf/nips/2016},
  url       = {http://papers.nips.cc/paper/6057-using-fast-weights-to-attend-to-the-recent-past},
  timestamp = {Fri, 16 Dec 2016 19:45:58 +0100},
  biburl    = {http://dblp.uni-trier.de/rec/bib/conf/nips/BaHMLI16},
  bibsource = {dblp computer science bibliography, http://dblp.org}
}

@article{DBLP:journals/nn/Schmidhuber15,
  author    = {J{\"{u}}rgen Schmidhuber},
  title     = {Deep learning in neural networks: An overview},
  journal   = {Neural Networks},
  volume    = {61},
  pages     = {85--117},
  year      = {2015},
  url       = {http://dx.doi.org/10.1016/j.neunet.2014.09.003},
  doi       = {10.1016/j.neunet.2014.09.003},
  timestamp = {Wed, 28 Jan 2015 09:18:28 +0100},
  biburl    = {http://dblp.uni-trier.de/rec/bib/journals/nn/Schmidhuber15},
  bibsource = {dblp computer science bibliography, http://dblp.org}
}

@book{MacKay:2002:ITI:971143,
 author = {MacKay, David J. C.},
 title = {Information Theory, Inference \& Learning Algorithms},
 year = {2002},
 isbn = {0521642981},
 publisher = {Cambridge University Press},
 address = {New York, NY, USA},
}

@article{DBLP:journals/corr/BaKH16,
  author    = {Lei Jimmy Ba and
               Ryan Kiros and
               Geoffrey E. Hinton},
  title     = {Layer Normalization},
  journal   = {CoRR},
  volume    = {abs/1607.06450},
  year      = {2016},
  url       = {http://arxiv.org/abs/1607.06450},
  timestamp = {Tue, 02 Aug 2016 12:59:27 +0200},
  biburl    = {http://dblp.uni-trier.de/rec/bib/journals/corr/BaKH16},
  bibsource = {dblp computer science bibliography, http://dblp.org}
}

@book{Goodfellow-et-al-2016,
    title={Deep Learning},
    author={Ian Goodfellow and Yoshua Bengio and Aaron Courville},
    publisher={MIT Press},
    note={\url{http://www.deeplearningbook.org}},
    year={2016}
}


@article{DBLP:journals/corr/KingmaB14,
  author    = {Diederik P. Kingma and
               Jimmy Ba},
  title     = {Adam: {A} Method for Stochastic Optimization},
  journal   = {CoRR},
  volume    = {abs/1412.6980},
  year      = {2014},
  url       = {http://arxiv.org/abs/1412.6980},
  timestamp = {Thu, 01 Jan 2015 19:51:08 +0100},
  biburl    = {http://dblp.uni-trier.de/rec/bib/journals/corr/KingmaB14},
  bibsource = {dblp computer science bibliography, http://dblp.org}
}

@article{DBLP:journals/corr/TalathiV15,
  author    = {Sachin S. Talathi and
               Aniket Vartak},
  title     = {Improving performance of recurrent neural network with relu nonlinearity},
  journal   = {CoRR},
  volume    = {abs/1511.03771},
  year      = {2015},
  url       = {http://arxiv.org/abs/1511.03771},
  timestamp = {Tue, 01 Dec 2015 19:22:34 +0100},
  biburl    = {http://dblp.uni-trier.de/rec/bib/journals/corr/TalathiV15},
  bibsource = {dblp computer science bibliography, http://dblp.org}
}

@inproceedings{DBLP:conf/icml/SutskeverMH11,
  author    = {Ilya Sutskever and
               James Martens and
               Geoffrey E. Hinton},
  title     = {Generating Text with Recurrent Neural Networks},
  booktitle = {Proceedings of the 28th International Conference on Machine Learning,
               {ICML} 2011, Bellevue, Washington, USA, June 28 - July 2, 2011},
  pages     = {1017--1024},
  year      = {2011},
  crossref  = {DBLP:conf/icml/2011},
  timestamp = {Fri, 16 Dec 2011 12:40:46 +0100},
  biburl    = {http://dblp.uni-trier.de/rec/bib/conf/icml/SutskeverMH11},
  bibsource = {dblp computer science bibliography, http://dblp.org}
}

@book{mnih,
  title={Recurrent models of visual attention},
  author={Mnih, Volodymyr and Heess, Nicolas and Graves, Alex and others},
  booktitle={Advances in neural information processing systems},
  pages={2204--2212},
  year={2014}
}

@article{DBLP:journals/neco/HochreiterS97,
  author    = {Sepp Hochreiter and
               J{\"{u}}rgen Schmidhuber},
  title     = {Long Short-Term Memory},
  journal   = {Neural Computation},
  volume    = {9},
  number    = {8},
  pages     = {1735--1780},
  year      = {1997},
  url       = {http://dx.doi.org/10.1162/neco.1997.9.8.1735},
  doi       = {10.1162/neco.1997.9.8.1735},
  timestamp = {Thu, 17 Nov 2011 16:24:23 +0100},
  biburl    = {http://dblp.uni-trier.de/rec/bib/journals/neco/HochreiterS97},
  bibsource = {dblp computer science bibliography, http://dblp.org}
}

@book{Haykin:2009:NNC:1213811,
 author = {Haykin, Simon},
 title = {Neural Networks and Learning Machines (3rd Edition)},
 year = {2009},
 isbn = {0131471392},
 publisher = {Prentice-Hall, Inc.},
 address = {Upper Saddle River, NJ, USA},
} 
