@inproceedings{DBLP:conf/nips/BaHMLI16,
  author    = {Jimmy Ba and
               Geoffrey E. Hinton and
               Volodymyr Mnih and
               Joel Z. Leibo and
               Catalin Ionescu},
  title     = {Using Fast Weights to Attend to the Recent Past},
  booktitle = {Advances in Neural Information Processing Systems 29: Annual Conference
               on Neural Information Processing Systems 2016, December 5-10, 2016,
               Barcelona, Spain},
  pages     = {4331--4339},
  year      = {2016},
  crossref  = {DBLP:conf/nips/2016},
  url       = {http://papers.nips.cc/paper/6057-using-fast-weights-to-attend-to-the-recent-past},
  timestamp = {Fri, 16 Dec 2016 19:45:58 +0100},
  biburl    = {http://dblp.uni-trier.de/rec/bib/conf/nips/BaHMLI16},
  bibsource = {dblp computer science bibliography, http://dblp.org}
}

@article{DBLP:journals/nn/Schmidhuber15,
  author    = {J{\"{u}}rgen Schmidhuber},
  title     = {Deep learning in neural networks: An overview},
  journal   = {Neural Networks},
  volume    = {61},
  pages     = {85--117},
  year      = {2015},
  url       = {http://dx.doi.org/10.1016/j.neunet.2014.09.003},
  doi       = {10.1016/j.neunet.2014.09.003},
  timestamp = {Wed, 28 Jan 2015 09:18:28 +0100},
  biburl    = {http://dblp.uni-trier.de/rec/bib/journals/nn/Schmidhuber15},
  bibsource = {dblp computer science bibliography, http://dblp.org}
}

@book{MacKay:2002:ITI:971143,
 author = {MacKay, David J. C.},
 title = {Information Theory, Inference \& Learning Algorithms},
 year = {2002},
 isbn = {0521642981},
 publisher = {Cambridge University Press},
 address = {New York, NY, USA},
}

@article{DBLP:journals/corr/BaKH16,
  author    = {Lei Jimmy Ba and
               Ryan Kiros and
               Geoffrey E. Hinton},
  title     = {Layer Normalization},
  journal   = {CoRR},
  volume    = {abs/1607.06450},
  year      = {2016},
  url       = {http://arxiv.org/abs/1607.06450},
  timestamp = {Tue, 02 Aug 2016 12:59:27 +0200},
  biburl    = {http://dblp.uni-trier.de/rec/bib/journals/corr/BaKH16},
  bibsource = {dblp computer science bibliography, http://dblp.org}
}

@book{Goodfellow-et-al-2016,
    title={Deep Learning},
    author={Ian Goodfellow and Yoshua Bengio and Aaron Courville},
    publisher={MIT Press},
    note={\url{http://www.deeplearningbook.org}},
    year={2016}
}


@article{DBLP:journals/corr/KingmaB14,
  author    = {Diederik P. Kingma and
               Jimmy Ba},
  title     = {Adam: {A} Method for Stochastic Optimization},
  journal   = {CoRR},
  volume    = {abs/1412.6980},
  year      = {2014},
  url       = {http://arxiv.org/abs/1412.6980},
  timestamp = {Thu, 01 Jan 2015 19:51:08 +0100},
  biburl    = {http://dblp.uni-trier.de/rec/bib/journals/corr/KingmaB14},
  bibsource = {dblp computer science bibliography, http://dblp.org}
}

@article{DBLP:journals/corr/TalathiV15,
  author    = {Sachin S. Talathi and
               Aniket Vartak},
  title     = {Improving performance of recurrent neural network with relu nonlinearity},
  journal   = {CoRR},
  volume    = {abs/1511.03771},
  year      = {2015},
  url       = {http://arxiv.org/abs/1511.03771},
  timestamp = {Tue, 01 Dec 2015 19:22:34 +0100},
  biburl    = {http://dblp.uni-trier.de/rec/bib/journals/corr/TalathiV15},
  bibsource = {dblp computer science bibliography, http://dblp.org}
}

@inproceedings{DBLP:conf/icml/SutskeverMH11,
  author    = {Ilya Sutskever and
               James Martens and
               Geoffrey E. Hinton},
  title     = {Generating Text with Recurrent Neural Networks},
  booktitle = {Proceedings of the 28th International Conference on Machine Learning,
               {ICML} 2011, Bellevue, Washington, USA, June 28 - July 2, 2011},
  pages     = {1017--1024},
  year      = {2011},
  crossref  = {DBLP:conf/icml/2011},
  timestamp = {Fri, 16 Dec 2011 12:40:46 +0100},
  biburl    = {http://dblp.uni-trier.de/rec/bib/conf/icml/SutskeverMH11},
  bibsource = {dblp computer science bibliography, http://dblp.org}
}

@book{mnih,
  title={Recurrent models of visual attention},
  author={Mnih, Volodymyr and Heess, Nicolas and Graves, Alex and others},
  booktitle={Advances in neural information processing systems},
  pages={2204--2212},
  year={2014}
}

@article{DBLP:journals/neco/HochreiterS97,
  author    = {Sepp Hochreiter and
               J{\"{u}}rgen Schmidhuber},
  title     = {Long Short-Term Memory},
  journal   = {Neural Computation},
  volume    = {9},
  number    = {8},
  pages     = {1735--1780},
  year      = {1997},
  url       = {http://dx.doi.org/10.1162/neco.1997.9.8.1735},
  doi       = {10.1162/neco.1997.9.8.1735},
  timestamp = {Thu, 17 Nov 2011 16:24:23 +0100},
  biburl    = {http://dblp.uni-trier.de/rec/bib/journals/neco/HochreiterS97},
  bibsource = {dblp computer science bibliography, http://dblp.org}
}

@book{Haykin:2009:NNC:1213811,
 author = {Haykin, Simon},
 title = {Neural Networks and Learning Machines (3rd Edition)},
 year = {2009},
 isbn = {0131471392},
 publisher = {Prentice-Hall, Inc.},
 address = {Upper Saddle River, NJ, USA},
} 

@book{Yegnanarayana:2004:ANN:1197006,
 author = {Yegnanarayana, B.},
 title = {Artificial Neural Networks},
 year = {2004},
 isbn = {8120312538},
 publisher = {Prentice-Hall of India Pvt.Ltd},
} 

@unpublished{fyfe2000,
   title={Artificial Neural Networks and Information Theory},
   author={Fyfe, Colin},
   year={2000},
   note={Edition 1.2}
}

@book{Anderson95,
  added-at = {2008-09-16T23:39:07.000+0200},
  address = {Cambridge, MA},
  author = {Anderson, J. A.},
  biburl = {http://www.bibsonomy.org/bibtex/2e9f8719da6bbeb1282186ef028c6cf8d/brian.mingus},
  booktitle = {An Introduction to Neural Networks.},
  description = {CCNLab BibTeX},
  interhash = {317ea26947ca3a1f237b254a641b1d71},
  intrahash = {e9f8719da6bbeb1282186ef028c6cf8d},
  keywords = {nnets},
  publisher = {MIT Press},
  timestamp = {2008-09-16T23:39:11.000+0200},
  title = {An Introduction to Neural Networks.},
  year = 1995
}

@book{strogatz:2000,
  added-at = {2010-05-11T11:15:46.000+0200},
  author = {Strogatz, Steven H.},
  biburl = {http://www.bibsonomy.org/bibtex/2e3b3dc5a68df87d71becbe75709a7121/flashbang},
  citeulike-article-id = {6778211},
  interhash = {097881c5ab43732a75182222236e72c7},
  intrahash = {e3b3dc5a68df87d71becbe75709a7121},
  keywords = {chaos dynamical-systems nonlinear},
  posted-at = {2010-03-08 21:41:28},
  priority = {2},
  publisher = {Westview Press},
  timestamp = {2010-05-11T11:16:46.000+0200},
  title = {Nonlinear Dynamics and Chaos: With Applications to Physics, Biology, Chemistry and Engineering},
  year = 2000
}

@misc{wilson2010,
  author        = {Bill Wilson},
  title         = {Neurodynamics Notes},
  year          = {2010},
  url           = {https://www.cse.unsw.edu.au/~billw/cs9444/Neurodynamics-10s2-4up.pdf}
}

@article{DBLP:journals/ai/Beer95,
  author    = {Randall D. Beer},
  title     = {A Dynamical Systems Perspective on Agent-Environment Interaction},
  journal   = {Artif. Intell.},
  volume    = {72},
  number    = {1-2},
  pages     = {173--215},
  year      = {1995},
  url       = {http://dx.doi.org/10.1016/0004-3702(94)00005-L},
  doi       = {10.1016/0004-3702(94)00005-L},
  timestamp = {Wed, 19 Nov 2003 16:01:06 +0100},
  biburl    = {http://dblp.uni-trier.de/rec/bib/journals/ai/Beer95},
  bibsource = {dblp computer science bibliography, http://dblp.org}
}

@phdthesis{rasmussen2006attractivity,
  added-at = {2015-09-09T23:41:42.000+0200},
  author = {Rasmussen, Martin},
  biburl = {http://www.bibsonomy.org/bibtex/295c675cd8c1adacb2ae3a4fe41760186/genealogie},
  dnbtitleid = {981210457},
  interhash = {3e3ab613396eb8e27bad72ac84413d6f},
  intrahash = {95c675cd8c1adacb2ae3a4fe41760186},
  keywords = {dnb Mathematik},
  school = {Uni Augsburg},
  timestamp = {2015-09-09T23:53:47.000+0200},
  title = {Attractivity and bifurcation for nonautonomous dynamical systems},
  year = 2006
}

@misc{byao,
  author        = {B. Yao},
  title         = {Lyapunov Stability - Stability of Equilibrium Points},
  year          = {2008},
  url           = {https://engineering.purdue.edu/~byao/Research/Supplements/Lyapunov.pdf}
}

@book{christofides2005control,
  title={Control of Nonlinear and Hybrid Process Systems: Designs for Uncertainty, Constraints and Time-Delays},
  author={Christofides, P.D. and El-Farra, N.},
  isbn={9783540284567},
  lccn={2005931474},
  series={Lecture Notes in Control and Information Sciences},
  url={https://books.google.com/books?id=P7QPCPwacGkC},
  year={2005},
  publisher={Springer Berlin Heidelberg}
}

@misc{ocostin,
  author        = {Ovidiu Costin},
  title         = {Gradient and Hamiltonian systems},
  year          = {2010},
  url           = {https://people.math.osu.edu/costin.9/820-10/p2.pdf}
}

@misc{anovozhilov,
  author        = {Artem Novozhilov},
  title         = {Lecuture notes for Math Methods of Bio Processes, Lecture 15: Limit sets, Lyapunov functions},
  year          = {2015},
  url           = {"https://www.ndsu.edu/pubweb/~novozhil/Teaching/484 Data/15.pdf"}
}

@article{DBLP:journals/tnn/BengioSF94,
  author    = {Yoshua Bengio and
               Patrice Y. Simard and
               Paolo Frasconi},
  title     = {Learning long-term dependencies with gradient descent is difficult},
  journal   = {{IEEE} Trans. Neural Networks},
  volume    = {5},
  number    = {2},
  pages     = {157--166},
  year      = {1994},
  url       = {http://dx.doi.org/10.1109/72.279181},
  doi       = {10.1109/72.279181},
  timestamp = {Wed, 09 Mar 2016 15:40:57 +0100},
  biburl    = {http://dblp.uni-trier.de/rec/bib/journals/tnn/BengioSF94},
  bibsource = {dblp computer science bibliography, http://dblp.org}
}

@incollection{Hochreiter2001,
  added-at = {2010-02-27T01:05:18.000+0100},
  author = {Hochreiter, S. and Bengio, Y. and Frasconi, P. and Schmidhuber, J.},
  biburl = {http://www.bibsonomy.org/bibtex/2296da87489b185a12155a538d14bfb84/tb2332},
  booktitle = {A Field Guide to Dynamical Recurrent Neural Networks},
  editor = {Kremer and Kolen},
  interhash = {485c1bd6a99186c9414c6b9ddaed42c9},
  intrahash = {296da87489b185a12155a538d14bfb84},
  keywords = {imported},
  owner = {thierry},
  publisher = {IEEE Press},
  timestamp = {2010-02-27T01:05:23.000+0100},
  title = {Gradient flow in recurrent nets: the difficulty of learning long-term
	dependencies},
  year = 2001
}

@article{DBLP:journals/corr/LeJH15,
  author    = {Quoc V. Le and
               Navdeep Jaitly and
               Geoffrey E. Hinton},
  title     = {A Simple Way to Initialize Recurrent Networks of Rectified Linear
               Units},
  journal   = {CoRR},
  volume    = {abs/1504.00941},
  year      = {2015},
  url       = {http://arxiv.org/abs/1504.00941},
  timestamp = {Sat, 02 May 2015 17:50:32 +0200},
  biburl    = {http://dblp.uni-trier.de/rec/bib/journals/corr/LeJH15},
  bibsource = {dblp computer science bibliography, http://dblp.org}
}

@article{hahnloser2000digital,
  title={Digital selection and analogue amplification coexist in a cortex-inspired silicon circuit},
  author={Hahnloser, Richard HR and Sarpeshkar, Rahul and Mahowald, Misha A and Douglas, Rodney J and Seung, H Sebastian},
  journal={Nature},
  volume={405},
  number={6789},
  pages={947--951},
  year={2000},
  publisher={Nature Publishing Group}
}

@book{bishop2006pattern,
  title={Pattern Recognition and Machine Learning},
  author={Bishop, C.M.},
  isbn={9780387310732},
  lccn={2006922522},
  series={Information Science and Statistics},
  url={https://books.google.com/books?id=kTNoQgAACAAJ},
  year={2006},
  publisher={Springer}
}
